<record><leader>00000cas a22000007a 4500</leader><controlfield tag="001">19259312</controlfield><controlfield tag="008">890224d19781979couwr ne      0    0eng d</controlfield><datafield ind1=" " ind2=" " tag="010"><subfield code="a">sn 89052014 </subfield></datafield><datafield ind1=" " ind2=" " tag="040"><subfield code="a">CNQ</subfield><subfield code="b">eng</subfield><subfield code="c">CNQ</subfield><subfield code="d">OCLCQ</subfield></datafield><datafield ind1=" " ind2=" " tag="042"><subfield code="a">msc</subfield></datafield><datafield ind1="0" ind2="0" tag="245"><subfield code="a">Adams-Weld market place.</subfield></datafield><datafield ind1="1" ind2="3" tag="246"><subfield code="a">Market place</subfield></datafield><datafield ind1=" " ind2=" " tag="260"><subfield code="a">Brighton, Colo. :</subfield><subfield code="b">Platte Valley Print. Co.</subfield></datafield><datafield ind1=" " ind2=" " tag="300"><subfield code="a">v.</subfield></datafield><datafield ind1=" " ind2=" " tag="310"><subfield code="a">Weekly</subfield></datafield><datafield ind1="0" ind2=" " tag="362"><subfield code="a">-v. 76, no. 13 (Mar. 27, 1979).</subfield></datafield><datafield ind1=" " ind2=" " tag="515"><subfield code="a">Numbering irregular: Volume numbers change back and forth between Vol. 75 and Vol. 78 in Jan. and Feb. of 1978.</subfield></datafield><datafield ind1=" " ind2=" " tag="530"><subfield code="a">Available on microfilm from the Colorado Historical Society.</subfield></datafield><datafield ind1=" " ind2=" " tag="580"><subfield code="a">Adams-Weld market place becomes shopper within Brighton blade on Apr. 3, 1979.</subfield></datafield><datafield ind1=" " ind2=" " tag="588"><subfield code="a">Description based on: Vol. 78, no. 1 (Jan. 3, 1978).</subfield></datafield><datafield ind1=" " ind2=" " tag="752"><subfield code="a">United States</subfield><subfield code="b">Colorado</subfield><subfield code="c">Adams</subfield><subfield code="d">Brighton.</subfield></datafield><datafield ind1=" " ind2=" " tag="752"><subfield code="a">United States</subfield><subfield code="b">Colorado</subfield><subfield code="c">Weld.</subfield></datafield><datafield ind1="0" ind2="4" tag="780"><subfield code="t">Market place</subfield></datafield><datafield ind1="0" ind2="4" tag="780"><subfield code="t">Weld County advertiser</subfield></datafield><datafield ind1="0" ind2="5" tag="780"><subfield code="t">Brighton sentinel</subfield></datafield><datafield ind1="1" ind2="4" tag="785"><subfield code="t">Brighton blade</subfield><subfield code="w">(DLC)sn 89052009</subfield></datafield><datafield ind1="1" ind2=" " tag="029"><subfield code="a">AU@</subfield><subfield code="b">000025898448</subfield></datafield></record>